@misc{BcoachWeb,
  author = {Bcoach},
  title  = {Apps para entrenadores de fútbol [IOS y android]},
  year   = {2023},
  howpublished = {\url{https://bcoach.app/aplicaciones-para-entrenadores-de-futbol/}},
  note   = {Accessed: 2024-03-24}
}

@misc{BcoachVideo,
  author = {Bcoach},
  title  = {Bcoach: Tutorial Categorías y estadísticas},
  year   = {2020},
  howpublished = {\url{https://www.youtube.com/watch?v=gxIszL1BKn4}},
  note   = {Accessed: 2024-03-26}
}

@misc{BcoachVideo2,
  author = {Bcoach},
  title  = {Bcoach: Tutorial Sobre el resumen de las estadísticas},
  year   = {2020},
  howpublished = {\url{https://www.youtube.com/watch?v=AzIY-7jVVTw}},
  note   = {Accessed: 2024-03-26}
}

@misc{SportlyzerApp,
  author = {Sportlyzer},
  title  = {Manage your sports team with less time: Sportlyzer, Player development and team management software.},
  year   = {2016},
  howpublished = {\url{https://www.sportlyzer.com/en/features/player-app}},
  note   = {Accessed: 2024-03-24}
}

@misc{LongoMatchApp,
  author = {LongoMatch },
  title  = {LongoMatch - Start analyzing your games today.},
  year   = {2017},
  howpublished = {\url{https://www.youtube.com/watch?v=WCjw7uhEctA}},
  note   = {Accessed: 2024-03-25}
}

@misc{LongoMatchVideo,
  author = {LongoMatch },
  title  = {Tutorial Longomatch - Funcionamiento general.},
  year   = {2017},
  howpublished = {\url{https://www.youtube.com/watch?v=WCjw7uhEctA}},
  note   = {Accessed: 2024-03-25}
}

@misc{TheGuardian,
  author = {Guardian},
  title  = {Sir Alex Ferguson on the importance of communication | Guardian Live.},
  year   = {2016},
  howpublished = {\url{https://www.youtube.com/watch?v=F2NQn4DU4fY}},
  note   = {Accessed: 2024-05-01}
}

@BOOK{KPI_Book,
  title = {Key Performance Indicators: Developing, Implementing, and Using Winning KPIs},
  subtitle = {Developing, Implementing, and Using Winning KPIs},
  author = {David Parmenter},
  year = {2010},
  publisher = {Wiley}
}

@misc{DHoare,
  author = {Deborah Hoare},
  title  = {Seminario  Internacional  de  detección  de talentos  deportivo.},
  year   = {1999},
  howpublished = {\url{https://isidoro-hornillos.webnode.es/products/deteccion-y-seleccion-de-talentos-deportivos-conferencia-/}},
  note   = {Accessed: 2024-05-15}
}

@misc{VueJSTutorial,
  author = {John Komarnicki},
  title  = {Vue 3 Crash Course | Project From Scratch},
  year   = {2023},
  howpublished = {\url{https://www.youtube.com/watch?v=KTFH4P8unUQ}},
  note   = {Accessed: 2024-05-16}
}

@misc{iconos-iconify,
  author = {Iconify},
  title  = {Biblioteca de iconoes, Iconify},
  year   = {2024},
  howpublished = {\url{https://icon-sets.iconify.design/}},
  note   = {Accessed: 2024-06-21}
}

@BOOK{def_metodologia,
  title = {Metodologías de desarrollo de software},
  subtitle = {Tesis de Licenciatura en Sistemas y Computación},
  author = {Maida, Esteban Gabriel ; Pacienzia, Julián},
  year = {2015},
  publisher = {Cátedra: Seminario de Sistemas}
}

@misc{why_scrum,
  author = {Agilest},
  title  = {Why Does Scrum Work?},
  year   = {2024},
  howpublished = {\url{https://www.agilest.org/scrum/why-does-scrum-work/}},
  note   = {Accessed: 2024-06-25}
}

@misc{def_sprints,
  author = {Max Rrehkof},
  title  = {Scrum sprints},
  year   = {2024},
  howpublished = {\url{https://www.atlassian.com/agile/scrum/sprints}},
  note   = {Accessed: 2024-06-25}
}

@misc{def_github,
  author = {Diana Walsh},
  title  = {Qué es GitHub y para qué sirve},
  year   = {2024},
  howpublished = {\url{https://blog.hubspot.es/website/que-es-github#que-es}},
  note   = {Accessed: 2024-06-25}
}

@misc{def_git,
  author = {Obdulia Montiel},
  title  = {La guía para principiantes de Git y Github},
  year   = {2024},
  howpublished = {\url{https://www.freecodecamp.org/espanol/news/guia-para-principiantes-de-git-y-github/}},
  note   = {Accessed: 2024-06-25}
}

@misc{def_vscode,
  author = {Frankier Flores},
  title  = {Qué es Visual Studio Code y qué ventajas ofrece},
  year   = {2024},
  howpublished = {\url{https://openwebinars.net/blog/que-es-visual-studio-code-y-que-ventajas-ofrece/}},
  note   = {Accessed: 2024-06-25}
}

@misc{comparar_vue,
  author = {VueJS},
  title  = {Comparison with Other Frameworks},
  year   = {2024},
  howpublished = {\url{https://v2.vuejs.org/v2/guide/comparison.html}},
  note   = {Accessed: 2024-06-25}
}

@misc{def_vue,
  author = {VueJS},
  title  = {¿Qué es Vue.js?},
  year   = {2024},
  howpublished = {\url{https://es.vuejs.org/v2/guide/#%C2%BFQue-es-Vue-js}},
  note   = {Accessed: 2024-06-25}
}

@misc{vue_route,
  author = {Imagina},
  title  = {¿Qué es Vue Router y Por qué es Necesario?},
  year   = {2024},
  howpublished = {\url{https://imaginaformacion.com/tutoriales/que-es-vue-router-y-por-que-es-necesario}},
  note   = {Accessed: 2024-06-25}
}

%https://v2.vuejs.org/v2/guide/comparison.html?redirect=true
%https://iconify.design/docs/icon-components/vue/
%https://www.chartjs.org/